@inproceedings{tanenbaum2014:critical-making,
 author = {Tanenbaum, Karen and Tanenbaum, Joshua G. and Williams, Amanda M. and Ratto, Matt and Resch, Gabriel and Gamba Bari, Antonio},
 title = {Critical Making Hackathon: Situated Hacking, Surveillance and Big Data Proposal},
 booktitle = {CHI '14 Extended Abstracts on Human Factors in Computing Systems},
 series = {CHI EA '14},
 year = {2014},
 isbn = {978-1-4503-2474-8},
 location = {Toronto, Ontario, Canada},
 pages = {17--20},
 numpages = {4},
 url = {http://doi.acm.org/10.1145/2559206.2560476},
 doi = {10.1145/2559206.2560476},
 acmid = {2560476},
 publisher = {ACM},
 address = {New York, NY, USA},
 keywords = {big data, counter-surveillance, critical making, data visualization, hacking, hardware, open data, social issues, software, sousveillance, surveillance},
} 

@article{arya2013:ggj-learn,
  title={An international study on learning and process choices in the Global Game Jam},
  author={Arya, Ali and Chastine, Jeff and Preston, Jon and Fowler, Allan},
  journal={International Journal of Game-Based Learning},
  volume={3},
  number={4},
  pages={27--46},
  year={2013},
  publisher={IGI Global}
}

@inproceedings{kultima2011:ggj-creative,
  title={Using the {VNA} ideation game at {G}lobal {G}ame {J}am},
  author={Kultima, Annakaisa and Alha, Kati},
  booktitle={DiGRA: Think Design Play},
  year={2011}
}

@inproceedings{zook2013:ggj-conceptualization,
  title={Game Conceptualization and Development Processes in the Global Game Jam},
  author={Zook, Alexander and Riedl, Mark O},
  booktitle={Inaugural Workshop on the Global Game Jam},
  year={2013}
}

@inproceedings{musil2010:jam-software-dev,
  title={Synthesized essence: what game jams teach about prototyping of new software products},
  author={Musil, Juergen and Schweda, Angelika and Winkler, Dietmar and Biffl, Stefan},
  booktitle={ACM/IEEE International Conference on Software Engineering},
  volume={2},
  pages={183--186},
  year={2010},
  organization={IEEE}
}

@inproceedings{treanor2015:ai-based-game,
	title={{AI}-based Game Design Patterns},
    author={Treanor, Mike and Zook, Alexander and Eladhari, Mirjam P. and Togelius, Julian and Smith, Gillian and Cook, Michael and Thompson, Tommy and Magerko, Brian and Levine, John and Smith, Adam},
    booktitle={International Conference on the Foundations of Digital Games},
    year={2015}
}

@inproceedings{cook:procjam,
	title={Make Something That Makes Something: A Report On The First Procedural Generation Jam},
    author={Cook, Michael},
    booktitle={International Conference on Computational Creativity},
    year={2015}
}

@inproceedings{cook:ludumdare,
	title={Ludus Ex Machina: Building a 3D Game Designer That Competes Alongside Humans},
    author={Cook, Michael and Colton, Simon},
    booktitle={International Conference on Computational Creativity},
    year={2014}
}

@article{lucas15dagstuhl,
  author    = {Simon M. Lucas and
               Michael Mateas and
               Mike Preuss and
               Pieter Spronck and
               Julian Togelius},
  title     = {Artificial and Computational Intelligence in Games (Dagstuhl Seminar
               15051)},
  journal   = {Dagstuhl Reports},
  year      = {to appear}
}

@book{schon1983reflective,
  title={The reflective practitioner: How professionals think in action},
  author={Sch{\"o}n, Donald A},
  year={1983},
  publisher={Basic books}
}

@article{mateas2001expressive,
  title={Expressive {AI}: A hybrid art and science practice},
  author={Mateas, Michael},
  journal={Leonardo},
  volume={34},
  number={2},
  pages={147--153},
  year={2001},
  publisher={MIT Press}
}